% USED REFERENCES
%---------------------------------------------------------------------

% Petalinux Docs (Reference)
@misc{petalinux-docs,
    author = {Xilinx},
    title = {PetaLinux Tools Documentation: Reference Guide (UG1144)},
    howpublished = {https://www.xilinx.com/support/documentation/sw\_manuals/xilinx2019\_2/ug1144-petalinux-tools-reference-guide.pdf},
    year = {2019}
}

% Microblaze Docs
@misc{microblaze,
    author = {Xilinx},
    title = {MicroBlaze Soft Processor Core},
    howpublished = {https://www.xilinx.com/products/design-tools/microblaze.html},
    year = {2019}
}

% Arty Board Datasheet
@misc{arty_board,
    author = {Digilent},
    title = {Arty FPGA Board Reference Manual},
    howpublished = {https://reference.digilentinc.com/\_media/reference/programmable-logic/arty/arty\_rm.pdf},
    year = {2019}
}

% Vitis
@misc{vitis, 
	author = {Xilinx},
	title={Vitis Unified Software Platform}, 
	howpublished ={https://www.xilinx.com/products/design-tools/vitis.html}, 
	journal={Vitis Unified Software Platform},
 	year = {2019}
} 

% Petalinux Docs (Command Line)
@misc{petalinux-command,
	author = {Xilinx},
	title = {PetaLinux Tools Documentation: Command Line Reference Guide (UG1157)},
	howpublished = {https://www.xilinx.com/support/documentation/sw\_manuals/xilinx2019\_2/ug1157-petalinux-tools-command-line-guide.pdf},
	year = {2019}
}

% PMODS
@misc{pmods,
	author = {Digilent},
	title = {Pmod Standard},
	howpublished = {https://reference.digilentinc.com/reference/pmod/specification?redirect=1},
	year = {2019}
}

% UNUSED SOURCES
%---------------------------------------------------------------------

